@article{fips2013186,
  title={186-4},
  author={FIPS, PUB},
  journal={Digital Signature Standard (DSS)},
  year={2013}
}
